@misc{Processingpipeline,
  title = {Processing pipeline}, 
  howpublished = {\url{https://nlu.rasa.com/0.12.3/pipeline.html#section-pipeline}},
  note = {Accessed: 2018-06-01}
}

@misc{CRF,
  title = {\MakeUppercase{CRF} entity extractor}, 
  howpublished = {\url{https://nlu.rasa.com/0.12.3/entities.html}},
  note = {Accessed: 2018-06-0}
}

@misc{RasaNLU,
  title = {Rasa \MakeUppercase{NLU}}, 
  howpublished = {\url{https://nlu.rasa.com/0.12.3/index.html}},
  note = {Accessed: 2018-06-0}
}

@misc{RasaCore,
  title = {Rasa \MakeUppercase{C}ore}, 
  howpublished = {\url{https://core.rasa.com/index.html}},
  note = {Accessed: 2018-06-0}
}

@misc{course,
  title = {\MakeUppercase{LUS} course, spring 2018, unitn},
  author = {G. Riccardi, E. Stepanov}
}

@misc{fallbackaction,
  title = {Fallback action}, 
  howpublished = {\url{https://core.rasa.com/patterns.html#fallback-default-actions}},
  note = {Accessed: 2018-06-0}
}

@misc{actionform,
  title = {Action form}, 
  howpublished = {\url{https://core.rasa.com/patterns.html}},
  note = {Accessed: 2018-06-0}
}

@misc{policies,
  title = {Policies}, 
  howpublished = {\url{https://core.rasa.com/policies.html}},
  note = {Accessed: 2018-06-0}
}

@misc{Actions,
  title = {Actions}, 
  howpublished = {\url{https://core.rasa.com/domains.html}},
  note = {Accessed: 2018-06-0}
}


